@article{echenique2001auditoria,
  title={Auditor{\'\i}a en inform{\'a}tica},
  author={Echenique Garc{\'\i}a, Jos{\'e} Antonio},
  journal={Compa{\~n}{\'\i}a Editorial Continental},
  year={2001}
}